@book{b:luise,
  author = {Luise, Marco and Vitetta, Giorgio M.},
  title = {Teoria dei segnali},
  publisher = {McGraw-Hill},
  year = {1999}
}

@book{b:Dandrea,
  author = {D'Andrea, Aldo},
  title = {Comunicazioni elettriche},
  publisher = {Edizioni ETS},
  year = {2002},
  address = {Pisa}
}